<?xml version="1.0" encoding="UTF-8"?><collection xmlns="http://www.loc.gov/MARC21/slim"><record><leader>00396nam--2200145-i-4500</leader><controlfield tag="001">000016122</controlfield><controlfield tag="002">20161230</controlfield><controlfield tag="005">20170114235119</controlfield><controlfield tag="008">060222s1000------------r-----000-0-eng-d</controlfield><datafield ind1=" " ind2=" " tag="100"><subfield code="a">Biscondi, M</subfield></datafield><datafield ind1=" " ind2=" " tag="245"><subfield code="a">Fluage intergranulaire de bicristaux orientes d alluminium</subfield><subfield code="b">these</subfield></datafield><datafield ind1=" " ind2=" " tag="260"><subfield code="a">Paris</subfield><subfield code="b">Faculte Des Sciences</subfield><subfield code="c">1971</subfield></datafield><datafield ind1=" " ind2=" " tag="300"><subfield code="a">/167-179/p</subfield></datafield><datafield ind1=" " ind2=" " tag="852"><subfield code="a">76983</subfield></datafield><datafield ind1=" " ind2=" " tag="CAT"><subfield code="a">SYS</subfield><subfield code="c">20170114</subfield><subfield code="h">235119</subfield></datafield></record></collection>